@Book{ploc2022,
  title = {InferÃªncia ativa},
  author = {Thomas Parr, Giovanni Pezzulo, and Karl J. Friston},
  publisher = {plocpublisher},
  address = {plocaddress},
  year = {2022},
  edition = {1st},
  note = {ISBN 9780262369978},
  url = {https://direct.mit.edu/books/oa-monograph/5299/Active-InferenceThe-Free-Energy-Principle-in-Mind},
}
